@book{mas-colell,
  address = {New York},
  author = {Mas-Colell, Andreu and Whinston, Michael D. and Green, Jerry R.},
  publisher = {Oxford University Press},
  title = {Microeconomic Theory},
  year = 1995
}

